<record><leader>00000cas a22000007a 4500</leader><controlfield tag="001">9357746</controlfield><controlfield tag="008">830329d19081919ohuir ne      0    0slv d</controlfield><datafield ind1=" " ind2=" " tag="010"><subfield code="a">sn 83045154 </subfield></datafield><datafield ind1=" " ind2=" " tag="040"><subfield code="a">CRL</subfield><subfield code="b">eng</subfield><subfield code="c">CRL</subfield><subfield code="d">NPW</subfield><subfield code="d">NPY</subfield><subfield code="d">ONP</subfield><subfield code="d">CRL</subfield><subfield code="d">OCLCQ</subfield><subfield code="d">OCLCF</subfield><subfield code="d">OCLCO</subfield><subfield code="d">OCLCA</subfield></datafield><datafield ind1="1" ind2=" " tag="029"><subfield code="a">AU@</subfield><subfield code="b">000025809683</subfield></datafield><datafield ind1="1" ind2=" " tag="029"><subfield code="a">ZWZ</subfield><subfield code="b">165952237</subfield></datafield><datafield ind1=" " ind2=" " tag="042"><subfield code="a">msc</subfield></datafield><datafield ind1=" " ind2=" " tag="043"><subfield code="a">n-us-oh</subfield></datafield><datafield ind1="0" ind2="0" tag="245"><subfield code="a">Clevelandska Amerika.</subfield></datafield><datafield ind1=" " ind2=" " tag="260"><subfield code="a">Cleveland, Ohio :</subfield><subfield code="b">America Pub. Co.,</subfield><subfield code="c">[1908-1919]</subfield></datafield><datafield ind1=" " ind2=" " tag="300"><subfield code="a">12 v.</subfield></datafield><datafield ind1=" " ind2=" " tag="310"><subfield code="a">Triweekly,</subfield><subfield code="b">Jan. 4, 1916-Feb. 1919</subfield></datafield><datafield ind1=" " ind2=" " tag="321"><subfield code="a">Weekly,</subfield><subfield code="b">Aug. 14, 1908-&lt;Dec. 18, 1908&gt;</subfield></datafield><datafield ind1=" " ind2=" " tag="321"><subfield code="a">Semiweekly,</subfield><subfield code="b">&lt;Jan. 5, 1909&gt;-Dec. 31, 1915</subfield></datafield><datafield ind1="0" ind2=" " tag="362"><subfield code="a">Vol. 1, s&#780;t. 11 (14. avg., 1908)-v. 22, no. 23 (Feb. 24, 1919).</subfield></datafield><datafield ind1=" " ind2=" " tag="515"><subfield code="a">Vol. 12-21 omitted from numbering.</subfield></datafield><datafield ind1=" " ind2=" " tag="521"><subfield code="a">"Tednik za slov. delavce v Ameriki."</subfield></datafield><datafield ind1=" " ind2=" " tag="530"><subfield code="a">Also available on microfilm from Bell &amp; Howell (UMI).</subfield></datafield><datafield ind1=" " ind2=" " tag="546"><subfield code="a">In Slovenian.</subfield></datafield><datafield ind1=" " ind2=" " tag="550"><subfield code="a">Official organ of 85 Slovenian societies and organizations.</subfield></datafield><datafield ind1=" " ind2="0" tag="650"><subfield code="a">Slovenian Americans</subfield><subfield code="z">Ohio</subfield><subfield code="v">Newspapers.</subfield></datafield><datafield ind1=" " ind2="0" tag="651"><subfield code="a">Cleveland (Ohio)</subfield><subfield code="v">Newspapers.</subfield></datafield><datafield ind1=" " ind2="7" tag="655"><subfield code="a">Newspapers.</subfield><subfield code="2">fast</subfield><subfield code="0">(OCoLC)fst01423814</subfield></datafield><datafield ind1=" " ind2="7" tag="650"><subfield code="a">Slovenian Americans.</subfield><subfield code="2">fast</subfield><subfield code="0">(OCoLC)fst01121095</subfield></datafield><datafield ind1=" " ind2="7" tag="651"><subfield code="a">Ohio.</subfield><subfield code="2">fast</subfield><subfield code="0">(OCoLC)fst01205075</subfield></datafield><datafield ind1=" " ind2="7" tag="651"><subfield code="a">Ohio</subfield><subfield code="z">Cleveland.</subfield><subfield code="2">fast</subfield><subfield code="0">(OCoLC)fst01205966</subfield></datafield><datafield ind1=" " ind2=" " tag="752"><subfield code="a">United States</subfield><subfield code="b">Ohio</subfield><subfield code="c">Cuyahoga</subfield><subfield code="d">Cleveland.</subfield></datafield><datafield ind1="0" ind2="0" tag="780"><subfield code="t">Amerika (Cleveland, Ohio : 1908)</subfield><subfield code="w">(DLC)sn 83035422</subfield><subfield code="w">(OCoLC)9822001</subfield></datafield><datafield ind1="0" ind2="0" tag="785"><subfield code="t">Ameris&#780;ka domovina</subfield><subfield code="w">(DLC)sn 7806672</subfield><subfield code="w">(OCoLC)4409084</subfield></datafield></record>